@article{Keshav,
    author = {Keshav, S.},
    title = {How to Read a Paper},
    journal = {SIGCOMM Comput. Commun. Rev.},
    issue_date = {July 2007},
    volume = {37},
    number = {3},
    month = jul,
    year = {2007},
    issn = {0146-4833},
    pages = {83--84},
    numpages = {2},
    url = {http://doi.acm.org/10.1145/1273445.1273458},
    doi = {10.1145/1273445.1273458},
    acmid = {1273458},
    publisher = {ACM},
    address = {New York, NY, USA},
    keywords = {hints, paper, reading},
} 

@article{nearest,
    author = {Johnson, D.S. and McGeoch, L.A},
    title = {The Travelling Salesman Problem: A Case Study in Local Optimization},
    issue_date = {November 20, 1995},
    year = {1995},
    pages = {7-8},
    numpages = {103},
    notes = {\href{https://www.cs.ubc.ca/~hutter/previous-earg/EmpAlgReadingGroup/TSP-JohMcg97.pdf}{www.cs.ubc.ca}}

}

@article{two,
	author = {Nilsson, C},
	title = {Heuristics for the Travelling Salesman Problem},
	issue_date = {2003},
	year = {2003},
	pages = {1-3},
	numpages = {6},
	notes = {\href{https://web.tuke.sk/fei-cit/butka/hop/htsp.pdf}{web.tuke.sk/}}
	
}

@article{np,
	author = {Freiberger, M.},
	title = {The Travelling Salesman},
	issue_data = {Oct 2012},
	note = {\href{https://plus.maths.org/content/travelling-salesman}{www.plus.maths.org}},
	journal = {Accessed: November 2016}
}

@article{brute,
	author = {Malkevitch, J.},
	title = {Sales and Chips},
	note = {\href{http://www.ams.org/samplings/feature-column/fcarc-tsp}{www.ams.org}},
	journal = {Accessed: October 2016}
}